@comment{{This file has been generated by bib2bib 1.99}}

@comment{{Command line: bib2bib --rename hal url -ob generated.bib temp.bib}}

@comment{{This file has been generated by bib2bib 1.99}}

@comment{{Command line: bib2bib -c '$key="denis22icfem" or 1=2' /home/cmarche/biblio/abbrevs.bib /home/cmarche/biblio/demons.bib /home/cmarche/biblio/demons2.bib /home/cmarche/biblio/demons3.bib /home/cmarche/biblio/team.bib /home/cmarche/biblio/crossrefs.bib}}

@string{sv = {Springer}}

@string{lncs = {Lecture Notes in Computer Science}}

@inproceedings{denis22icfem,
  topics = {team},
  title = {{Creusot}: a Foundry for the Deductive Verication of {Rust} Programs},
  author = {Denis, Xavier and Jourdan, Jacques-Henri and March{\'e}, Claude},
  url = {https://hal.inria.fr/hal-03737878},
  booktitle = {International Conference on Formal Engineering Methods - ICFEM},
  address = {Madrid, Spain},
  publisher = sv,
  series = lncs,
  year = 2022,
  keywords = {Rust programming language ; Deductive program verification ; Aliasing and Ownership ; Prophecies ; Traits}
}

