
@mastersthesis{skotam22creusat,
	title = {{CreuSAT}, Using {Rust} and {Creusot} to create the world’s fastest deductively verified {SAT} solver},
	url = {https://www.duo.uio.no/handle/10852/96757},
	school = {University of Oslo},
	author = {Skotåm, Sarek Høverstad},
	year = {2022},
}
