@comment{{This file has been generated by bib2bib 1.99}}

@comment{{Command line: bib2bib --rename hal url -ob generated.bib temp.bib}}

@comment{{This file has been generated by bib2bib 1.99}}

@comment{{Command line: bib2bib -c '$key="becker21fide" or $key="becker21rr" or $key="dailler18jlamp" or 1=2' /home/cmarche/biblio/abbrevs.bib /home/cmarche/biblio/demons.bib /home/cmarche/biblio/demons2.bib /home/cmarche/biblio/demons3.bib /home/cmarche/biblio/team.bib /home/cmarche/biblio/crossrefs.bib}}

@string{eptcs = {Electronic Proceedings in Theoretical Computer Science}}

@article{dailler18jlamp,
  topics = {team},
  title = {Instrumenting a Weakest Precondition Calculus for Counterexample Generation},
  author = {Dailler, Sylvain and Hauzar, David and March{\'e}, Claude and Moy, Yannick},
  url = {https://hal.inria.fr/hal-01802488},
  journal = {Journal of Logical and Algebraic Methods in Programming},
  publisher = {Elsevier},
  volume = 99,
  pages = {97--113},
  year = 2018,
  doi = {10.1016/j.jlamp.2018.05.003},
  keywords = {Deductive Program Verification ; Weakest Precondition Calculus ; Satisfiability Modulo Theories ; Counterexamples}
}

@techreport{becker21rr,
  topics = {team},
  title = {Giant-step Semantics for the Categorisation of Counterexamples},
  author = {Becker, Benedikt and Belo Louren\c{c}o, Cl{\'a}udio and March{\'e}, Claude},
  url = {https://hal.inria.fr/hal-03213438},
  type = {Research Report},
  number = {RR-9407},
  institution = {Inria},
  year = 2021,
  month = apr
}

@inproceedings{becker21fide,
  topics = {team},
  title = {Explaining Counterexamples with Giant-Step Assertion Checking},
  author = {Becker, Benedikt and Belo Louren\c{c}o, Cl{\'a}udio and March{\'e}, Claude},
  url = {https://hal.inria.fr/hal-03217393},
  booktitle = {6th Workshop on Formal Integrated Development Environments (F-IDE 2021)},
  editor = {Creissac Campos, Jos{\'e} and Paskevich, Andrei},
  series = eptcs,
  doi = {10.4204/EPTCS.338.10},
  year = 2021,
  month = may
}

